@article{cheng2020role,
  title={The role of community-wide wearing of face mask for control of coronavirus disease 2019 (COVID-19) epidemic due to SARS-CoV-2},
  author={Cheng, Vincent CC and Wong, Shuk-Ching and Chuang, Vivien WM and So, Simon YC and Chen, Jonathan HK and Sridhar, Siddharth and To, Kelvin KW and Chan, Jasper FW and Hung, Ivan FN and Ho, Pak-Leung and others},
  journal={Journal of Infection},
  year={2020},
  publisher={Elsevier}
}
@article{fernandes2020economic,
  title={Economic effects of coronavirus outbreak (COVID-19) on the world economy},
  author={Fernandes, Nuno},
  journal={Available at SSRN 3557504},
  year={2020}
}